% This file was created with JabRef 2.10.
% Encoding: UTF-8

@Article{Langfelder2008,
    langid                 = {english},
author="Langfelder, Peter
and Horvath, Steve",
title="WGCNA: an R package for weighted correlation network analysis",
journal="BMC Bioinformatics",
year="2008",
volume="9",
number="1",
pages="559",
abstract="Correlation networks are increasingly being used in bioinformatics applications. For example, weighted gene co-expression network analysis is a systems biology method for describing the correlation patterns among genes across microarray samples. Weighted correlation network analysis (WGCNA) can be used for finding clusters (modules) of highly correlated genes, for summarizing such clusters using the module eigengene or an intramodular hub gene, for relating modules to one another and to external sample traits (using eigengene network methodology), and for calculating module membership measures. Correlation networks facilitate network based gene screening methods that can be used to identify candidate biomarkers or therapeutic targets. These methods have been successfully applied in various biological contexts, e.g. cancer, mouse genetics, yeast genetics, and analysis of brain imaging data. While parts of the correlation network methodology have been described in separate publications, there is a need to provide a user-friendly, comprehensive, and consistent software implementation and an accompanying tutorial.",
issn="1471-2105"
}

@Article{Patil2005,
  langid                 = {english},
author = {Patil, K. R. and Nielsen, J.},
file = {:home/assaron/Dropbox/mendeley/2005 - Patil, Nielsen - Uncovering transcriptional regulation of metabolism by using metabolic network topology.pdf:pdf},
journal = {Proceedings of the National Academy of Sciences},
number = {8},
pages = {2685--2689},
publisher = {National Academy of Sciences},
title = {{Uncovering transcriptional regulation of metabolism by using metabolic network topology}},
volume = {102},
year = {2005}
}

% 24037242 
@Article{Hofree2013,
    langid                 = {english},
   Author="Hofree, M.  and Shen, J. P.  and Carter, H.  and Gross, A.  and Ideker, T. ",
   Title="{{N}etwork-based stratification of tumor mutations}",
   Journal="Nat. Methods",
   Year="2013",
   Volume="10",
   Number="11",
   Pages="1108--1115"
}


@Article{Karnovsky2012,
    langid                 = {english},
   Author="Karnovsky, A.  and Weymouth, T.  and Hull, T.  and Tarcea, V. G.  and Scardoni, G.  and Laudanna, C.  and Sartor, M. A.  and Stringer, K. A.  and Jagadish, H. V.  and Burant, C.  and Athey, B.  and Omenn, G. S. ",
   Title="{{M}etscape 2 bioinformatics tool for the analysis and visualization of metabolomics and gene expression data}",
   Journal="Bioinformatics",
   Year="2012",
   Volume="28",
   Number="3",
   Pages="373--380",
}

@Article{Alexeyenko2012,
    langid                 = {english},
   Author="Alexeyenko, A.  and Lee, W.  and Pernemalm, M.  and Guegan, J.  and Dessen, P.  and Lazar, V.  and Lehtio, J.  and Pawitan, Y. ",
   Title="{{N}etwork enrichment analysis: extension of gene-set enrichment analysis to gene networks}",
   Journal="BMC Bioinformatics",
   Year="2012",
   Volume="13",
   Pages="226",
}

@Article{Ideker2012,
    langid                 = {english},
   Author="Ideker, T.  and Krogan, N. J. ",
   Title="{{D}ifferential network biology}",
   Journal="Mol. Syst. Biol.",
   Year="2012",
   Volume="8",
   Pages="565",
}

@Article{Ideker2002,
  langid                 = {english},
  Title                    = {{Discovering regulatory and signalling circuits in molecular interaction networks.}},
  Author                   = {Ideker, Trey and Ozier, Owen and Schwikowski, Benno and Siegel, Andrew F},
  Journal                  = {Bioinformatics (Oxford, England)},
  Year                     = {2002},
  Pages                    = {S233--S240},
  Volume                   = {18 Suppl 1},

  File                     = {:C$\backslash$:/Users/Alserg/AppData/Local/Mendeley Ltd./Mendeley Desktop/Downloaded/Ideker et al. - 2002 - Discovering regulatory and signalling circuits in molecular interaction networks.pdf:pdf},
  Keywords                 = {data,gene expression,integration,molecular interactions,monte carlo methods,simulated annealing},
  Pmid                     = {12169552}
}

@Article{Dittrich2008a,
    langid                 = {english},
  Title                    = {{Identifying functional modules in protein-protein interaction networks: an integrated exact approach.}},
  Author                   = {Dittrich, Marcus T and Klau, Gunnar W and Rosenwald, Andreas and Dandekar, Thomas and M{\"{u}}ller, Tobias},
  Journal                  = {Bioinformatics (Oxford, England)},
  Year                     = {2008},
  Number                   = {13},
  Pages                    = {i223--31},
  Volume                   = {24},
  Doi                      = {10.1093/bioinformatics/btn161},
  ISSN                     = {1367-4811},
  Keywords                 = {Algorithms,Gene Expression Profiling,Gene Expression Profiling: methods,Humans,Lymphoma,Lymphoma: metabolism,Protein Interaction Mapping,Protein Interaction Mapping: methods,Proteome,Proteome: metabolism,Signal Transduction,Systems Integration},
  Pmid                     = {18586718}
}

@Article{Sergushichev2016,
    langid                 = {english},
   Author="Sergushichev, A. A.  and Loboda, A. A.  and Jha, A. K.  and Vincent, E. E.  and Driggers, E. M.  and Jones, R. G.  and Pearce, E. J.  and Artyomov, M. N. ",
   Title="{{G}{A}{M}: a web-service for integrated transcriptional and metabolic network analysis}",
   Journal="Nucleic Acids Res.",
   Year="2016",
   Volume="44",
   Number="W1",
   Pages="194--200",
}

@Article{Alcaraz2012,
    langid                 = {english},
   Author="Alcaraz, N.  and Friedrich, T.  and Kotzing, T.  and Krohmer, A.  and Muller, J.  and Pauling, J.  and Baumbach, J. ",
   Title="{{E}fficient key pathway mining: combining networks and {O}{M}{I}{C}{S} data}",
   Journal="Integr Biol (Camb)",
   Year="2012",
   Volume="4",
   Number="7",
   Pages="756--764"
}

@Article{Beisser2012,
    langid                 = {english},
   Author="Beisser, D.  and Brunkhorst, S.  and Dandekar, T.  and Klau, G. W.  and Dittrich, M. T.  and Muller, T. ",
   Title="{{R}obustness and accuracy of functional modules in integrated network analysis}",
   Journal="Bioinformatics",
   Year="2012",
   Volume="28",
   Number="14",
   Pages="1887--1894",
}

@Article{Kirkpatrick1983,
    Langid                   = {english},
   Author="Kirkpatrick, S.  and Gelatt, C. D.  and Vecchi, M. P. ",
   Title="{{O}ptimization by simulated annealing}",
   Journal="Science",
   Year="1983",
   Volume="220",
   Number="4598",
   Pages="671--680"
}

@Article{Shannon2003,
    langid                 = {english},
   Author="Shannon, P.  and Markiel, A.  and Ozier, O.  and Baliga, N. S.  and Wang, J. T.  and Ramage, D.  and Amin, N.  and Schwikowski, B.  and Ideker, T. ",
   Title="{{C}ytoscape: a software environment for integrated models of biomolecular interaction networks}",
   Journal="Genome Res.",
   Year="2003",
   Volume="13",
   Number="11",
   Pages="2498--2504"
}

@article{Mardinoglu2013,
langid                 = {english},
author = {Mardinoglu, Adil and Gatto, Francesco and Nielsen, Jens},
journal = {Biotechnology Journal},
keywords = {Genome‐scale metabolic models,Human Metabolic Reaction database,Personalized medicine,Systems biology,Whole‐body modeling},
number = {9},
pages = {985--996},
publisher = {WILEY‐VCH Verlag},
title = {{Genome-scale modeling of human metabolism -- a systems biology approach}},
volume = {8},
year = {2013}
}

@Article{Mardinoglu2015,
    langid = {english}, 
   Author="Mardinoglu, A.  and Nielsen, J. ",
   Title="{{N}ew paradigms for metabolic modeling of human cells}",
   Journal="Curr. Opin. Biotechnol.",
   Year="2015",
   Volume="34",
   Pages="91--97"
}

@article{Rajagopalan2005,
  title={Inferring pathways from gene lists using a literature-derived network of biological relationships},
  author={Rajagopalan, Dilip and Agarwal, Pankaj},
  journal={Bioinformatics},
  volume={21},
  number={6},
  pages={788--793},
  year={2004},
  publisher={Oxford University Press}
}

@article{Dittrich2008,
    Langid                   = {english},
    author = {Dittrich, Marcus T and Klau, Gunnar W and Rosenwald, Andreas and Dandekar, Thomas and M{\"{u}}ller, Tobias},
    institution = {Department of Bioinformatics, Biocenter, University of W{\"{u}}rzburg, Am Hubland, 97074 W{\"{u}}rzburg, Germany.},
    journal = {Bioinformatics},
    keywords = {Algorithms; Gene Expression Profiling,metabolism; Protein Interaction Mapping,metabolism; Signal Transduction; Systems Integrat,methods; Humans; Lymphoma,methods; Proteome},
    number = {13},
    pages = {i223--i231},
    pmid = {18586718},
    title = {{Identifying functional modules in protein-protein interaction networks: an integrated exact approach.}},
    volume = {24},
    year = {2008}
}

@Article{Beisser2010,
    langid                 = {english},
   Author="Beisser, D.  and Klau, G. W.  and Dandekar, T.  and Muller, T.  and Dittrich, M. T. ",
   Title="{{B}io{N}et: an {R}-package for the functional analysis of biological networks}",
   Journal="Bioinformatics",
   Year="2010",
   Volume="26",
   Number="8",
   Pages="1129--1130"
}

@Article{Pounds2003,
    Langid                   = {english},
   Author="Pounds, S.  and Morris, S. W. ",
   Title="{{E}stimating the occurrence of false positives and false negatives in microarray studies by approximating and partitioning the empirical distribution of p-values}",
   Journal="Bioinformatics",
   Year="2003",
   Volume="19",
   Number="10",
   Pages="1236--1242"
}

@Article{Ljubic2006,
    langid                 = {english},
author="Ljubi{\'{c}}, Ivana
and Weiskircher, Ren{\'e}
and Pferschy, Ulrich
and Klau, W. Gunnar
and Mutzel, Petra
and Fischetti, Matteo",
title="An algorithmic framework for the exact solution of the prize-collecting Steiner tree problem",
journal="Mathematical Programming",
year="2006",
volume="105",
number="2",
pages="427--449"
}

@Article{Beisser2012a,
    Langid                   = {english},
  Title                    = {{Robustness and accuracy of functional modules in integrated network analysis.}},
  Author                   = {Beisser, Daniela and Brunkhorst, Stefan and Dandekar, Thomas and Klau, Gunnar W and Dittrich, Marcus T and M{\"{u}}ller, Tobias},
  Journal                  = {Bioinformatics (Oxford, England)},
  Year                     = {2012},
  Number                   = {14},
  Pages                    = {1887--1894},
  Volume                   = {28},

  Keywords                 = {Algorithms,Computational Biology,Computational Biology: methods,Computer Simulation,Gene Expression Profiling,Gene Expression Profiling: methods,High-Throughput Nucleotide Sequencing,Humans,Lymphoma, Large B-Cell, Diffuse,Lymphoma, Large B-Cell, Diffuse: genetics,Oligonucleotide Array Sequence Analysis,Precursor Cell Lymphoblastic Leukemia-Lymphoma,Precursor Cell Lymphoblastic Leukemia-Lymphoma: ge},
  Pmid                     = {22581175}
}

@Article{McClellan2013,
    langid                 = {english},
   Author="McClellan, E. A.  and Moerland, P. D.  and van der Spek, P. J.  and Stubbs, A. P. ",
   Title="{{N}et{W}e{A}vers: an {R} package for integrative biological network analysis with mass spectrometry data}",
   Journal="Bioinformatics",
   Year="2013",
   Volume="29",
   Number="22",
   Pages="2946--2947"
}

@inproceedings{Pons2005,
    Langid                   = {english},
  title={Computing communities in large networks using random walks},
  author={Pons, Pascal and Latapy, Matthieu},
  booktitle={International Symposium on Computer and Information Sciences},
  pages={284--293},
  year={2005},
  organization={Springer}
}

@Article{Alcaraz2014,
    Langid                   = {english},
  Title                    = {{KeyPathwayMiner 4.0: condition-specific pathway analysis by combining multiple omics studies and networks with Cytoscape.}},
  Author                   = {Alcaraz, Nicolas and Pauling, Josch and Batra, Richa and Barbosa, Eudes and Junge, Alexander and Christensen, Anne G L and Azevedo, Vasco and Ditzel, Henrik J and Baumbach, Jan},
  Journal                  = {BMC systems biology},
  Year                     = {2014},
  Number                   = {1},
  Pages                    = {99},
  Volume                   = {8},

  File                     = {:C$\backslash$:/Users/Alserg/AppData/Local/Mendeley Ltd./Mendeley Desktop/Downloaded/Alcaraz et al. - 2014 - KeyPathwayMiner 4.0 condition-specific pathway analysis by combining multiple omics studies and networks with Cy.pdf:pdf},
  Keywords                 = {Computational Biology,Computational Biology: methods,Computer Graphics,Protein Interaction Mapping,Software},
  Pmid                     = {25134827}
}

@Inbook{Loboda2016,
    langid                 = {english},
author="Loboda, Alexander A.
and Artyomov, Maxim N.
and Sergushichev, Alexey A.",
title="Solving Generalized Maximum-Weight Connected Subgraph Problem for Network Enrichment Analysis",
bookTitle="Algorithms in Bioinformatics: 16th International Workshop, WABI 2016, Aarhus, Denmark, August 22-24, 2016. Proceedings",
year="2016",
publisher="Springer International Publishing",
address="Cham",
pages="210--221",
isbn="978-3-319-43681-4"
}

@article{Hastings1970,
    langid                 = {english},
  title={{Monte Carlo sampling methods using Markov chains and their applications}},
  author={Hastings, W Keith},
  journal={Biometrika},
  volume={57},
  number={1},
  pages={97--109},
  year={1970},
  publisher={{Biometrika Trust}}
}

@inproceedings{Isomurodov2017,
    langid                 = {english},
  title={Ranking vertices for active module recovery problem},
  author={Isomurodov, Javlon E and Loboda, Alexander A and Sergushichev, Alexey A},
  booktitle={International Conference on Algorithms for Computational Biology},
  pages={75--84},
  year={2017},
  organization={Springer}
}

@article{Alizadeh2000,
  title={Distinct types of diffuse large B-cell lymphoma identified by gene expression profiling},
  author={Alizadeh, Ash A and Eisen, Michael B and Davis, R Eric and Ma, Chi and Lossos, Izidore S and Rosenwald, Andreas and Boldrick, Jennifer C and Sabet, Hajeer and Tran, Truc and Yu, Xin and others},
  journal={Nature},
  volume={403},
  number={6769},
  pages={503},
  year={2000},
  publisher={Nature Publishing Group}
}
